%YAML 1.1
%TAG !u! tag:unity3d.com,2011:
--- !u!1 &6195270248664074365
GameObject:
  m_ObjectHideFlags: 0
  m_CorrespondingSourceObject: {fileID: 0}
  m_PrefabInstance: {fileID: 0}
  m_PrefabAsset: {fileID: 0}
  serializedVersion: 6
  m_Component:
  - component: {fileID: 6195270248664074306}
  - component: {fileID: 7665070399153497203}
  - component: {fileID: 3947358303741486274}
  m_Layer: 0
  m_Name: Platform
  m_TagString: Untagged
  m_Icon: {fileID: 0}
  m_NavMeshLayer: 0
  m_StaticEditorFlags: 0
  m_IsActive: 1
--- !u!4 &6195270248664074306
Transform:
  m_ObjectHideFlags: 0
  m_CorrespondingSourceObject: {fileID: 0}
  m_PrefabInstance: {fileID: 0}
  m_PrefabAsset: {fileID: 0}
  m_GameObject: {fileID: 6195270248664074365}
  m_LocalRotation: {x: 0, y: 0, z: 0, w: 1}
  m_LocalPosition: {x: 26.54, y: 0.19791326, z: 0}
  m_LocalScale: {x: 1, y: 1, z: 1}
  m_Children:
  - {fileID: 6191012931808142325}
  - {fileID: 8826536473258628772}
  - {fileID: 8826536472362919901}
  - {fileID: 8826536473143631418}
  m_Father: {fileID: 0}
  m_RootOrder: 0
  m_LocalEulerAnglesHint: {x: 0, y: 0, z: 0}
--- !u!114 &7665070399153497203
MonoBehaviour:
  m_ObjectHideFlags: 0
  m_CorrespondingSourceObject: {fileID: 0}
  m_PrefabInstance: {fileID: 0}
  m_PrefabAsset: {fileID: 0}
  m_GameObject: {fileID: 6195270248664074365}
  m_Enabled: 1
  m_EditorHideFlags: 0
  m_Script: {fileID: 11500000, guid: 8e50cabd1c16d4fb89270064d18c4bff, type: 3}
  m_Name: 
  m_EditorClassIdentifier: 
  onChangePlatform:
    m_PersistentCalls:
      m_Calls: []
--- !u!61 &3947358303741486274
BoxCollider2D:
  m_ObjectHideFlags: 0
  m_CorrespondingSourceObject: {fileID: 0}
  m_PrefabInstance: {fileID: 0}
  m_PrefabAsset: {fileID: 0}
  m_GameObject: {fileID: 6195270248664074365}
  m_Enabled: 1
  m_Density: 1
  m_Material: {fileID: 0}
  m_IsTrigger: 1
  m_UsedByEffector: 0
  m_UsedByComposite: 0
  m_Offset: {x: 6, y: 1.662425}
  m_SpriteTilingProperty:
    border: {x: 0, y: 0, z: 0, w: 0}
    pivot: {x: 0, y: 0}
    oldSize: {x: 0, y: 0}
    newSize: {x: 0, y: 0}
    adaptiveTilingThreshold: 0
    drawMode: 0
    adaptiveTiling: 0
  m_AutoTiling: 0
  serializedVersion: 2
  m_Size: {x: 0.76179504, y: 4.32485}
  m_EdgeRadius: 0
--- !u!1 &6196847158621318213
GameObject:
  m_ObjectHideFlags: 0
  m_CorrespondingSourceObject: {fileID: 0}
  m_PrefabInstance: {fileID: 0}
  m_PrefabAsset: {fileID: 0}
  serializedVersion: 6
  m_Component:
  - component: {fileID: 6191012931808142325}
  - component: {fileID: 6272958812282125555}
  - component: {fileID: 6135598241457824983}
  m_Layer: 0
  m_Name: Ground
  m_TagString: Untagged
  m_Icon: {fileID: 0}
  m_NavMeshLayer: 0
  m_StaticEditorFlags: 0
  m_IsActive: 1
--- !u!4 &6191012931808142325
Transform:
  m_ObjectHideFlags: 0
  m_CorrespondingSourceObject: {fileID: 0}
  m_PrefabInstance: {fileID: 0}
  m_PrefabAsset: {fileID: 0}
  m_GameObject: {fileID: 6196847158621318213}
  m_LocalRotation: {x: -0, y: -0, z: -0, w: 1}
  m_LocalPosition: {x: 2.99, y: -0.435, z: 0}
  m_LocalScale: {x: 1, y: 1, z: 0.36386412}
  m_Children: []
  m_Father: {fileID: 6195270248664074306}
  m_RootOrder: 0
  m_LocalEulerAnglesHint: {x: 0, y: 0, z: 0}
--- !u!212 &6272958812282125555
SpriteRenderer:
  m_ObjectHideFlags: 0
  m_CorrespondingSourceObject: {fileID: 0}
  m_PrefabInstance: {fileID: 0}
  m_PrefabAsset: {fileID: 0}
  m_GameObject: {fileID: 6196847158621318213}
  m_Enabled: 1
  m_CastShadows: 0
  m_ReceiveShadows: 0
  m_DynamicOccludee: 1
  m_MotionVectors: 1
  m_LightProbeUsage: 1
  m_ReflectionProbeUsage: 1
  m_RenderingLayerMask: 1
  m_RendererPriority: 0
  m_Materials:
  - {fileID: 10754, guid: 0000000000000000f000000000000000, type: 0}
  m_StaticBatchInfo:
    firstSubMesh: 0
    subMeshCount: 0
  m_StaticBatchRoot: {fileID: 0}
  m_ProbeAnchor: {fileID: 0}
  m_LightProbeVolumeOverride: {fileID: 0}
  m_ScaleInLightmap: 1
  m_ReceiveGI: 1
  m_PreserveUVs: 0
  m_IgnoreNormalsForChartDetection: 0
  m_ImportantGI: 0
  m_StitchLightmapSeams: 0
  m_SelectedEditorRenderState: 0
  m_MinimumChartSize: 4
  m_AutoUVMaxDistance: 0.5
  m_AutoUVMaxAngle: 89
  m_LightmapParameters: {fileID: 0}
  m_SortingLayerID: 0
  m_SortingLayer: 0
  m_SortingOrder: 3
  m_Sprite: {fileID: 21300000, guid: 2db70352f515040dc89e1312a8280531, type: 3}
  m_Color: {r: 1, g: 1, b: 1, a: 1}
  m_FlipX: 0
  m_FlipY: 0
  m_DrawMode: 2
  m_Size: {x: 20.7, y: -1}
  m_AdaptiveModeThreshold: 0.5
  m_SpriteTileMode: 0
  m_WasSpriteAssigned: 1
  m_MaskInteraction: 0
  m_SpriteSortPoint: 0
--- !u!61 &6135598241457824983
BoxCollider2D:
  m_ObjectHideFlags: 0
  m_CorrespondingSourceObject: {fileID: 0}
  m_PrefabInstance: {fileID: 0}
  m_PrefabAsset: {fileID: 0}
  m_GameObject: {fileID: 6196847158621318213}
  m_Enabled: 1
  m_Density: 1
  m_Material: {fileID: 0}
  m_IsTrigger: 0
  m_UsedByEffector: 0
  m_UsedByComposite: 0
  m_Offset: {x: -0.0013027191, y: -0.01542675}
  m_SpriteTilingProperty:
    border: {x: 0.234375, y: 0, z: 0.29296875, w: 0}
    pivot: {x: 0.5, y: 0.5}
    oldSize: {x: 1, y: 1}
    newSize: {x: 20.7, y: -1}
    adaptiveTilingThreshold: 0.5
    drawMode: 2
    adaptiveTiling: 0
  m_AutoTiling: 0
  serializedVersion: 2
  m_Size: {x: 20.699257, y: 0.98735464}
  m_EdgeRadius: 0
--- !u!1001 &6195270248719742943
PrefabInstance:
  m_ObjectHideFlags: 0
  serializedVersion: 2
  m_Modification:
    m_TransformParent: {fileID: 6195270248664074306}
    m_Modifications:
    - target: {fileID: 3423911505006219266, guid: a9e4c22bdd3e54b41b890d67179620cf,
        type: 3}
      propertyPath: m_LocalPosition.x
      value: 2.81
      objectReference: {fileID: 0}
    - target: {fileID: 3423911505006219266, guid: a9e4c22bdd3e54b41b890d67179620cf,
        type: 3}
      propertyPath: m_LocalPosition.y
      value: 0.649
      objectReference: {fileID: 0}
    - target: {fileID: 3423911505006219266, guid: a9e4c22bdd3e54b41b890d67179620cf,
        type: 3}
      propertyPath: m_LocalPosition.z
      value: 0
      objectReference: {fileID: 0}
    - target: {fileID: 3423911505006219266, guid: a9e4c22bdd3e54b41b890d67179620cf,
        type: 3}
      propertyPath: m_LocalRotation.x
      value: -0
      objectReference: {fileID: 0}
    - target: {fileID: 3423911505006219266, guid: a9e4c22bdd3e54b41b890d67179620cf,
        type: 3}
      propertyPath: m_LocalRotation.y
      value: -0
      objectReference: {fileID: 0}
    - target: {fileID: 3423911505006219266, guid: a9e4c22bdd3e54b41b890d67179620cf,
        type: 3}
      propertyPath: m_LocalRotation.z
      value: -0
      objectReference: {fileID: 0}
    - target: {fileID: 3423911505006219266, guid: a9e4c22bdd3e54b41b890d67179620cf,
        type: 3}
      propertyPath: m_LocalRotation.w
      value: 1
      objectReference: {fileID: 0}
    - target: {fileID: 3423911505006219266, guid: a9e4c22bdd3e54b41b890d67179620cf,
        type: 3}
      propertyPath: m_RootOrder
      value: 2
      objectReference: {fileID: 0}
    - target: {fileID: 3423911505006219266, guid: a9e4c22bdd3e54b41b890d67179620cf,
        type: 3}
      propertyPath: m_LocalEulerAnglesHint.x
      value: 0
      objectReference: {fileID: 0}
    - target: {fileID: 3423911505006219266, guid: a9e4c22bdd3e54b41b890d67179620cf,
        type: 3}
      propertyPath: m_LocalEulerAnglesHint.y
      value: 0
      objectReference: {fileID: 0}
    - target: {fileID: 3423911505006219266, guid: a9e4c22bdd3e54b41b890d67179620cf,
        type: 3}
      propertyPath: m_LocalEulerAnglesHint.z
      value: 0
      objectReference: {fileID: 0}
    - target: {fileID: 3426909346162231112, guid: a9e4c22bdd3e54b41b890d67179620cf,
        type: 3}
      propertyPath: m_Name
      value: Gate (3)
      objectReference: {fileID: 0}
    m_RemovedComponents: []
  m_SourcePrefab: {fileID: 100100000, guid: a9e4c22bdd3e54b41b890d67179620cf, type: 3}
--- !u!4 &8826536472362919901 stripped
Transform:
  m_CorrespondingSourceObject: {fileID: 3423911505006219266, guid: a9e4c22bdd3e54b41b890d67179620cf,
    type: 3}
  m_PrefabInstance: {fileID: 6195270248719742943}
  m_PrefabAsset: {fileID: 0}
--- !u!1001 &6195270249290763832
PrefabInstance:
  m_ObjectHideFlags: 0
  serializedVersion: 2
  m_Modification:
    m_TransformParent: {fileID: 6195270248664074306}
    m_Modifications:
    - target: {fileID: 3423911505006219266, guid: a9e4c22bdd3e54b41b890d67179620cf,
        type: 3}
      propertyPath: m_LocalPosition.x
      value: 8.809999
      objectReference: {fileID: 0}
    - target: {fileID: 3423911505006219266, guid: a9e4c22bdd3e54b41b890d67179620cf,
        type: 3}
      propertyPath: m_LocalPosition.y
      value: 0.649
      objectReference: {fileID: 0}
    - target: {fileID: 3423911505006219266, guid: a9e4c22bdd3e54b41b890d67179620cf,
        type: 3}
      propertyPath: m_LocalPosition.z
      value: 0
      objectReference: {fileID: 0}
    - target: {fileID: 3423911505006219266, guid: a9e4c22bdd3e54b41b890d67179620cf,
        type: 3}
      propertyPath: m_LocalRotation.x
      value: -0
      objectReference: {fileID: 0}
    - target: {fileID: 3423911505006219266, guid: a9e4c22bdd3e54b41b890d67179620cf,
        type: 3}
      propertyPath: m_LocalRotation.y
      value: -0
      objectReference: {fileID: 0}
    - target: {fileID: 3423911505006219266, guid: a9e4c22bdd3e54b41b890d67179620cf,
        type: 3}
      propertyPath: m_LocalRotation.z
      value: -0
      objectReference: {fileID: 0}
    - target: {fileID: 3423911505006219266, guid: a9e4c22bdd3e54b41b890d67179620cf,
        type: 3}
      propertyPath: m_LocalRotation.w
      value: 1
      objectReference: {fileID: 0}
    - target: {fileID: 3423911505006219266, guid: a9e4c22bdd3e54b41b890d67179620cf,
        type: 3}
      propertyPath: m_RootOrder
      value: 3
      objectReference: {fileID: 0}
    - target: {fileID: 3423911505006219266, guid: a9e4c22bdd3e54b41b890d67179620cf,
        type: 3}
      propertyPath: m_LocalEulerAnglesHint.x
      value: 0
      objectReference: {fileID: 0}
    - target: {fileID: 3423911505006219266, guid: a9e4c22bdd3e54b41b890d67179620cf,
        type: 3}
      propertyPath: m_LocalEulerAnglesHint.y
      value: 0
      objectReference: {fileID: 0}
    - target: {fileID: 3423911505006219266, guid: a9e4c22bdd3e54b41b890d67179620cf,
        type: 3}
      propertyPath: m_LocalEulerAnglesHint.z
      value: 0
      objectReference: {fileID: 0}
    - target: {fileID: 3426909346162231112, guid: a9e4c22bdd3e54b41b890d67179620cf,
        type: 3}
      propertyPath: m_Name
      value: Gate (4)
      objectReference: {fileID: 0}
    m_RemovedComponents: []
  m_SourcePrefab: {fileID: 100100000, guid: a9e4c22bdd3e54b41b890d67179620cf, type: 3}
--- !u!4 &8826536473143631418 stripped
Transform:
  m_CorrespondingSourceObject: {fileID: 3423911505006219266, guid: a9e4c22bdd3e54b41b890d67179620cf,
    type: 3}
  m_PrefabInstance: {fileID: 6195270249290763832}
  m_PrefabAsset: {fileID: 0}
--- !u!1001 &6195270249480767142
PrefabInstance:
  m_ObjectHideFlags: 0
  serializedVersion: 2
  m_Modification:
    m_TransformParent: {fileID: 6195270248664074306}
    m_Modifications:
    - target: {fileID: 3423911505006219266, guid: a9e4c22bdd3e54b41b890d67179620cf,
        type: 3}
      propertyPath: m_LocalPosition.x
      value: -3.19
      objectReference: {fileID: 0}
    - target: {fileID: 3423911505006219266, guid: a9e4c22bdd3e54b41b890d67179620cf,
        type: 3}
      propertyPath: m_LocalPosition.y
      value: 0.649
      objectReference: {fileID: 0}
    - target: {fileID: 3423911505006219266, guid: a9e4c22bdd3e54b41b890d67179620cf,
        type: 3}
      propertyPath: m_LocalPosition.z
      value: 0
      objectReference: {fileID: 0}
    - target: {fileID: 3423911505006219266, guid: a9e4c22bdd3e54b41b890d67179620cf,
        type: 3}
      propertyPath: m_LocalRotation.x
      value: -0
      objectReference: {fileID: 0}
    - target: {fileID: 3423911505006219266, guid: a9e4c22bdd3e54b41b890d67179620cf,
        type: 3}
      propertyPath: m_LocalRotation.y
      value: -0
      objectReference: {fileID: 0}
    - target: {fileID: 3423911505006219266, guid: a9e4c22bdd3e54b41b890d67179620cf,
        type: 3}
      propertyPath: m_LocalRotation.z
      value: -0
      objectReference: {fileID: 0}
    - target: {fileID: 3423911505006219266, guid: a9e4c22bdd3e54b41b890d67179620cf,
        type: 3}
      propertyPath: m_LocalRotation.w
      value: 1
      objectReference: {fileID: 0}
    - target: {fileID: 3423911505006219266, guid: a9e4c22bdd3e54b41b890d67179620cf,
        type: 3}
      propertyPath: m_RootOrder
      value: 1
      objectReference: {fileID: 0}
    - target: {fileID: 3423911505006219266, guid: a9e4c22bdd3e54b41b890d67179620cf,
        type: 3}
      propertyPath: m_LocalEulerAnglesHint.x
      value: 0
      objectReference: {fileID: 0}
    - target: {fileID: 3423911505006219266, guid: a9e4c22bdd3e54b41b890d67179620cf,
        type: 3}
      propertyPath: m_LocalEulerAnglesHint.y
      value: 0
      objectReference: {fileID: 0}
    - target: {fileID: 3423911505006219266, guid: a9e4c22bdd3e54b41b890d67179620cf,
        type: 3}
      propertyPath: m_LocalEulerAnglesHint.z
      value: 0
      objectReference: {fileID: 0}
    - target: {fileID: 3426909346162231112, guid: a9e4c22bdd3e54b41b890d67179620cf,
        type: 3}
      propertyPath: m_Name
      value: Gate (2)
      objectReference: {fileID: 0}
    m_RemovedComponents: []
  m_SourcePrefab: {fileID: 100100000, guid: a9e4c22bdd3e54b41b890d67179620cf, type: 3}
--- !u!4 &8826536473258628772 stripped
Transform:
  m_CorrespondingSourceObject: {fileID: 3423911505006219266, guid: a9e4c22bdd3e54b41b890d67179620cf,
    type: 3}
  m_PrefabInstance: {fileID: 6195270249480767142}
  m_PrefabAsset: {fileID: 0}
